@article{RPV1,
    author = "A. Arvanitaki, N. Craig, S. Dimopoulos, and G. Villadoro",
    title = "Supergauge invariant extension of the Higgs mechanism and a model for the electron and its neutrino",
    archivePrefix = "arXiv",
    year = "1975",
    doi = "10.1016/0550-3213(75)90636-7.976",
    journal = "Nucl. Phys. B",
    volume = "90",
    pages = "104",
}

@article{RPV2,
    author = "G. R. Farrar and P. Fayet",
    title = "Phenomenology of the production, decay, and detection of new hadronic states associated with supersymmetry",
    archivePrefix = "arXiv",
    year = "1978",
    doi = "10.1016/0550-3213(75)90636-7.976",
    journal = "Phys. Lett. B",
    volume = "76",
    pages = "575",
}

@article{RPV3,
    author = "S. Weinberg",
    title = "Supersymmetry at ordinary energies. 1. masses and conservation laws",
    year = "1982",
    doi = "10.1103/PhysRevD.26.287.981",
    journal = "Phys. Rev. D",
    volume = "26",
    pages = "287",
}

@article{RPV4,
    author = "R. Barbier et al.",
    title = "R-parity violating supersymmetry",
    archivePrefix = "arXiv",
    eprint = "hep-ph/hep-ph/0406039.983",
    primaryClass = "hep-ph",
    year = "1982",
    doi = "10.1016/j.physrep.2005.08.006",
    journal = "Phys. Rept.",
    volume = "420",
    pages = "1",
}

% \bibitem{REF8} Phenomenology of the production, decay, and detection of new hadronic states associated with supersymmetry, 1978
% % G. R. Farrar and P. Fayet,  Phys. Lett. B 76 (1978) 575,978 doi:10.1016/0370-2693(78)90858-4.979

% \bibitem{REF9}  Supersymmetry at ordinary energies. 1. masses and conservation laws, 1982
% % S. Weinberg, 980 Phys. Rev. D 26 (1982) 287, doi:10.1103/PhysRevD.26.287.981

% \bibitem{REF10}  R-parity violating supersymmetry, 2005
% % R. Barbier et al., Phys. Rept. 420 (2005) 1,982 doi:10.1016/j.physrep.2005.08.006, arXiv:hep-ph/0406039.983

%%%%%%%%%%%%%%%%%%%%%% end of RPV susy 


@Techreport{CMS-TDR-15-02,
      AUTHOR      = "{CMS Collaboration}",
      COLLABORATION = "{CMS}",
      TITLE       = "Technical proposal for the {Phase-II} upgrade
                     of the {Compact Muon Solenoid}",
      URL         = "http://cds.cern.ch/record/2020886",
      TYPE        = "CMS Technical Proposal",
      NUMBER      = "CERN-LHCC-2015-010, CMS-TDR-15-02",
      YEAR        = "2015"
}

@article{CMS-LUM-17-003,
    author = "Sirunyan, Albert M and others",
    collaboration = "CMS",
    title = "Precision luminosity measurement in proton-proton collisions at $\sqrt{s} =$ 13 {TeV} in 2015 and 2016 at {CMS}",
    eprint = "2104.01927",
    archivePrefix = "arXiv",
    primaryClass = "hep-ex",
    reportNumber = "CMS-LUM-17-003, CERN-EP-2021-033",
    year = "2021",
    doi = "10.1140/epjc/s10052-021-09538-2",
    journal = "Eur. Phys. J. C",
    volume = "81",
    pages = "800",
}


@techreport{CMS-PAS-LUM-17-004,
    title         = "{CMS} luminosity measurement for the 2017 data-taking period at $\sqrt{s}$ = 13 {TeV}",
    author        = "{CMS Collaboration}",
    collaboration = "{CMS}",
    url           = "https://cds.cern.ch/record/2621960/",
    type          = "CMS Physics Analysis Summary",
    number        = "CMS-PAS-LUM-17-004",
    year          = "2018"
}

@techreport{CMS-PAS-LUM-18-002,
    title         = "{CMS} luminosity measurement for the 2018 data-taking period at $\sqrt{s}$ = 13 {TeV}",
    author        = "{CMS Collaboration}",
    collaboration = "{CMS}",
    url           = "https://cds.cern.ch/record/2676164/",
    type          = "CMS Physics Analysis Summary",
    number        = "CMS-PAS-LUM-18-002",
    year          = "2019"
}

@article{CMS:2017yfk,
      author         = "Sirunyan, A. M. and others",
      title          = "Particle-flow reconstruction and global event description with the {CMS} detector",
      collaboration  = "CMS",
      journal     = "JINST",
      volume    = "12",
      year         = "2017",
      pages      = "P10003",
      doi           = "10.1088/1748-0221/12/10/P10003",
      eprint         = "1706.04965",
      archivePrefix  = "arXiv",
      primaryClass   = "physics.ins-det",
      reportNumber   = "CMS-PRF-14-001, CERN-EP-2017-110",
      SLACcitation   = "%%CITATION = ARXIV:1706.04965;%%",
}

@article{CMS:2018rym,
    author = "Sirunyan, A. M. and others",
    collaboration = "CMS",
    title = "{Performance of the CMS muon detector and muon reconstruction with proton-proton collisions at $\sqrt{s}=$ 13 TeV}",
    eprint = "1804.04528",
    archivePrefix = "arXiv",
    primaryClass = "physics.ins-det",
    reportNumber = "CMS-MUO-16-001, CERN-EP-2018-058",
    doi = "10.1088/1748-0221/13/06/P06015",
    journal = "JINST",
    volume = "13",
    pages = "P06015",
    year = "2018"
}

@article{CMS:2014pgm,
    author = "Chatrchyan, Serguei and others",
    collaboration = "CMS",
    title = "{Description and performance of track and primary-vertex reconstruction with the CMS tracker}",
    eprint = "1405.6569",
    archivePrefix = "arXiv",
    primaryClass = "physics.ins-det",
    reportNumber = "CMS-TRK-11-001, CERN-PH-EP-2014-070",
    doi = "10.1088/1748-0221/9/10/P10009",
    journal = "JINST",
    volume = "9",
    pages = "P10009",
    year = "2014"
}

@article{CMS:2016lmd,
      author         = "Khachatryan, Vardan and others",
      title          = "{Jet energy scale and resolution in the CMS experiment in
                           pp collisions at 8 TeV}",
      collaboration  = "CMS",
      journal        = "JINST",
      volume         = "12",
      year           = "2017",
      pages          = "P02014",
      doi            = "10.1088/1748-0221/12/02/P02014",
      eprint         = "1607.03663",
      archivePrefix  = "arXiv",
      primaryClass   = "hep-ex",
      reportNumber   = "CMS-JME-13-004, CERN-PH-EP-2015-305",
      SLACcitation   = "%%CITATION = ARXIV:1607.03663;%%"
}

 Missing transverse momentum:

@article{CMS:2019ctu,
      author         = "Sirunyan, Albert M and others",
      title          = "Performance of missing transverse momentum
                        reconstruction in proton-proton collisions at $\sqrt{s} =
                        13$\,{TeV} using the {CMS} detector",
      collaboration  = "CMS",
      journal        = "JINST",
      volume         = "14",
      year           = "2019",
      pages          = "P07004",
      doi            = "10.1088/1748-0221/14/07/P07004",
      eprint         = "1903.06078",
      archivePrefix  = "arXiv",
      primaryClass   = "hep-ex",
      reportNumber   = "CMS-JME-17-001, CERN-EP-2018-335",
      SLACcitation   = "%%CITATION = ARXIV:1903.06078;%%"
}


@article{MAD,
  author =       " J. Alwall et al.",
  title =        "The automated computation of tree-level and next-to-leading order
differential cross sections, and their matching to parton shower simulations",
  journal =      "JHEP",
  volume =       "07",
  number =       "079",
  year =         "2014",
  DOI =          "http://dx.doi.org/10.1002/andp.19053221004",
  keywords =     "physics"
}

@article{AVF,
  author =       " R. Frühwirth, W. Waltenberger, P. Vanlaer",
  title =        "Adaptive Vertex Fitting",
  year =         "2006",
  DOI =          "http://cms.cern.ch/iCMS/jsp/openfile.jsp?tp=draft&files=AN2006_104_v1.pdf",
  keywords =     "Adaptive, Vertex, fitter",

}

@article{KVF,
  author =       " R. Frühwirth",
  title =        "Application of Kalman filtering to track and vertex fitting",
  year =         "1987",
  DOI =          "http://cms.cern.ch/iCMS/jsp/openfile.jsp?tp=draft&files=AN2006_104_v1.pdf",
  keywords =     "Kalman, Vertex, fitter",
  journal =      "Nuclear Instruments and Methods in Physics Research",
}

@article{UFO,
  author =       " C.Degrande, C.Duhr, B.Fuks, D.Grellscheid, O.Mattelaer, T.Reiter",
  title =        "UFO - The Universal FeynRules Output",
  year =         "2012",
  DOI =          "https://doi.org/10.48550/arXiv.1108.2040",
  keywords =     "UFO, FeynRules"
}

@article{displacedTOP,
    author  = "J.Andrea, D.Bloch, É.Conte, D.Darej, R.Ducrocq, E.Nibigira",
    title   = "Probing displaced top quark signature at the LHC Run 3",
    year    = "2023",
    journal = "EPJC",
    volume  = "83",
    number  = "299",
    keywords  = "displaced top"
}

@article{TMVA,
    author  = "K. Albertssonet al.",
    title   = "TMVA - Toolkit for Multivariate Data Analysis",
    year    = "2020",
    keywords  = "TMVA"
}

 
@online{XSDB,
    title     = "XSDB",
    url       = "https://xsdb-temp.app.cern.ch/xsdb/",
    addendum = "(accessed: 18.10.2023)",
    keywords  = "XSDB"
}

@online{V0CAND,
    title     = "V0 Candidates Producer",
    url       = "https://twiki.cern.ch/twiki/bin/view/CMSPublic/SWGuideV0Producer",
    addendum = "(accessed: 23.05.2023)",
    keywords  = "V0"
}

@online{MiniAOD,
    title     = "WorkBook MiniAOD 2017",
    url       = "https://twiki.cern.ch/twiki/bin/view/CMSPublic/WorkBookMiniAOD2017",
    addendum = "(accessed: 18.10.2023)",
    keywords  = "MiniAOD"
}

@online{COVMAT,
    title     = "Option to make track covariance Pos-def in packedcandidate",
    url       = "https://github.com/cms-sw/cmssw/pull/39599",
    addendum = "(accessed: 18.10.2023)",
    keywords  = "Covariance Matrix"
}

@online{ROCCOR,
    title     = "Rochester corrections for muon momentum scale and resolution",
    url       = "https://twiki.cern.ch/twiki/bin/viewauth/CMS/RochcorMuon",
    addendum = "(accessed: 05.12.2023)",
    keywords  = "Rochester, correction"
}

@online{TIGHTJET,
    title     = "Jet Identification for the 13 TeV UL data",
    url       = "https://twiki.cern.ch/twiki/bin/view/CMS/JetID13TeVUL",
    addendum = "(accessed: 05.12.2023)",
    year = "2023"
}

%%% ---- 22
@online{MuonIDRun2,
    title     = "SWGuideMuonIdRun2",
    url       = "https://twiki.cern.ch/twiki/bin/viewauth/CMS/SWGuideMuonIdRun2",
    addendum = "(accessed: 05.12.2023)",
    year = "2023"
}

@online{MuonSpark1,
    title     = "Computing efficiencies with spark\_tnp",
    url       = "https://indico.cern.ch/event/1247210/sessions/478562/attachments/2587866/4465075/MuonPOG\_tutorial\_part2.pdf",
    addendum = "(accessed: 05.12.2023)",
    year = "2023"
}


@online{MuonSpark2,
    title     = "Computing efficiencies with spark\_tnp",
    url       = "https://gitlab.cern.ch/cms-muonPOG/spark_tnp",
    addendum = "(accessed: 05.12.2023)",
    year = "2023"
}

@online{MuonSpark3,
    title     = "Reference muon id, isolation and trigger efficiencies for Run-II",
    url       = "https://twiki.cern.ch/twiki/bin/viewauth/CMS/MuonReferenceEffsRun2",
    addendum = "(accessed: 23.05.2023)",
    year = "2023"
}


@online{EgammaPostRecoTools,
    title     = "EgammaPostRecoRecipes",
    url       = "https://twiki.cern.ch/twiki/bin/viewauth/CMS/EgammaPostRecoRecipes",
    addendum = "(accessed: 23.05.2023)",
    year = "2023"
}

@online{LHEReaderCMSSW,
    title     = "LHEReaderCMSSW",
    url       = "https://twiki.cern.ch/twiki/bin/viewauth/CMS/LHEReaderCMSSW",
    addendum = "(accessed: 23.05.2023)",
    year = "2016"
}

@online{PileupMCReweightingUtilities,
    title     = "PileupMCReweightingUtilities",
    url       = "https://twiki.cern.ch/twiki/bin/view/CMS/PileupMCReweightingUtilities",
    addendum = "(accessed: 23.05.2023)",
    year = "2013"
}

@online{L1PrefiringWeightRecipe,
    title     = "L1PrefiringWeightRecipe",
    url       = "https://twiki.cern.ch/twiki/bin/viewauth/CMS/L1PrefiringWeightRecipe",
    addendum = "(accessed: 23.05.2023)",
    year = "2021"
}


@online{TopPtReweighting,
    title     = "TopPtReweighting",
    url       = "https://twiki.cern.ch/twiki/bin/view/CMS/TopPtReweighting",
    addendum = "(accessed: 23.05.2023)",
    year = "2020"
}


@online{HowToPDF,
    title     = "HowToPDF",
    url       = "https://twiki.cern.ch/twiki/bin/view/CMS/HowToPDF",
    addendum = "(accessed: 23.05.2023)",
    year = "2022"
}


@online{PileupSystematicErrors,
    title     = "PileupSystematicErrors",
    url       = "https://twiki.cern.ch/twiki/bin/view/CMS/PileupSystematicErrors",
    addendum = "(accessed: 23.05.2023)",
    year = "2023"
}

@online{WorkBookJetEnergyCorrections,
    title     = "WorkBookJetEnergyCorrections",
    url       = "https://twiki.cern.ch/twiki/bin/view/CMSPublic/WorkBookJetEnergyCorrections",
    addendum = "(accessed: 23.05.2023)",
    year = "2023"
}

@online{WorkBookJetEnergyResolution,
    title     = "WorkBookJetEnergyResolution",
    url       = "https://twiki.cern.ch/twiki/bin/view/CMSPublic/WorkBookJetEnergyResolution",
    addendum = "(accessed: 23.05.2023)",
    year = "2020"
}

@online{JECUncertaintySources,
    title     = "JECUncertaintySources",
    url       = "https://twiki.cern.ch/twiki/bin/view/CMS/JECUncertaintySources",
    addendum = "(accessed: 23.05.2023)",
    year = "2022"
}

@online{JetResolution,
    title     = "JetResolution",
    url       = "https://twiki.cern.ch/twiki/bin/viewauth/CMS/JetResolution",
    addendum = "(accessed: 23.05.2023)",
    year = "2024"
}
@online{PROP,
    title     = "Track Propagators",
    url       = "https://github.com/cms-sw/cmssw/tree/CMSSW_10_6_X/TrackingTools/GeomPropagators/interface",
    addendum = "(accessed: 23.05.2023)",
    year = "2017"
}


@online{HP,
    title     = "HitPattern",
    url       = "https://github.com/cms-sw/cmssw/blob/master/DataFormats/TrackReco/interface/HitPattern.h",
    addendum = "(accessed: 23.05.2023)",
    year = "2022"
}

@article{DISJETSCMS,
    author = "Sirunyan et. al",
    collaboration = "CMS",
    title = "Search for long-lived particles decaying to jets with displaced vertices
            in proton-proton collisions at $\sqrt{s}$ = 13 TeV",
    year = "2021",
    doi = "10.1103/PhysRevD.104.052011",
    journal = "Physical Review",
    volume = "81",
    pages = "800",
}

@article{ATLAS-CONF-2018-003,
    author = "ATLAS Collaboration",
    collaboration = "ATLAS Collaboration",
    title = "Reinterpretation of searches for supersymmetry in models with variable R-parity-violating coupling strength and long-lived R-hadrons",
    reportNumber = "ATLAS-CONF-2018-003",
    year = "2018",
    doi = "http://cds.cern.ch/record/2308391",

}

@article{DISJETSATLAS,
    author = "ATLAS Collaboration",
    collaboration = "ATLAS Collaboration",
    title = "Search for long-lived, massive particles in events with displaced vertices and multiple jets in pp collisions at $\sqrt{s}$ = 13 TeV with the ATLAS detector",
    eprint = "2301.13866v3",
    archivePrefix = "arXiv",
    primaryClass = "hep-ex",
    reportNumber = "CMS-LUM-17-003, CERN-EP-2023-002",
    year = "2023",
    doi = "10.48550/arXiv.2301.13866",
    journal = "JHEP",
}

@article{ANTIKT,
    author = "M. Cacciari, G. P. Salam, and G. Soyez",
    title = "The anti-kt jet clustering algorithm",
    archivePrefix = "arXiv",
    year = "2008",
    doi = "10.1088/1126-6708/2008/04/063",
    journal = "JHEP",
}



\bibitem{REF1}  Split supersymmetry , 2004
%G. F. Giudice and A. Romanino, Nucl. Phys. B 699 (2004) 65,958 doi:10.1016/j.nuclphysb.2004.08.001, arXiv:hep-ph/0406088. [Erratum:959 doi:10.1016/j.nuclphysb.2004.11.048].960

@article{SPLITSUSY,
    author = "G. F. Giudice and A. Romanino",
    collaboration = "CERN",
    title = "Split supersymmetry",
    archivePrefix = "arXiv",
    eprint = "hep-ph/0406088",
    primaryClass = "hep-ph",
    reportNumber = "CERN-TH/2004-100",
    year = "2004",
    doi = "10.1016/j.nuclphysb.2004.11.048",
    journal = "Nucl. Phys. B",
}


\bibitem{REF2}  Signatures of long-lived gluinos in split supersymmetry , 2004
%J. L. Hewett, B. Lillie, M. Masip, and T. G. Rizzo, JHEP 09 (2004) 070, doi:10.1088/1126-6708/2004/09/070,962 arXiv:hep-ph/0408248.963

@article{SPLITSUSY2,
    author = "J. L. Hewett, B. Lillie, M. Masip, and T. G. Rizzo",
    collaboration = "SISSA",
    title = "Signatures of long-lived gluinos in split supersymmetry",
    archivePrefix = "arXiv",
    eprint = "hep-ph/0408248.963",
    primaryClass = "hep-ph",
    year = "2004",
    doi = "10.1088/1126-6708/2004/09/070",
    journal = "JHEP",
    volume = "09",
    pages = "070",
}


\bibitem{REF3}  Aspects of split supersymmetry , 2004
% N. Arkani-Hamed, S. Dimopoulos, G. F. Giudice, and A. Romanino, Nucl. Phys. B 709 (2005) 3,965 doi:10.1016/j.nuclphysb.2004.12.026, arXiv:hep-ph/0409232.96670

@article{SPLITSUSY3,
    author = "N. Arkani-Hamed, S. Dimopoulos, G. F. Giudice, and A. Romanino",
    collaboration = "CERN",
    title = "Aspects of split supersymmetry",
    archivePrefix = "arXiv",
    eprint = "hep-ph/0409232.96670",
    primaryClass = "hep-ph",
    reportNumber = "CERN-PH-TH/2004-183",
    year = "2004",
    doi = "10.1016/j.nuclphysb.2004.12.026",
    journal = "Nucl. Phys. B",
    volume = "709",
    pages = "3",
}


\bibitem{REF4}  Gluino decays in split supersymmetry , 2005
%P. Gambino, G. F. Giudice, and P. Slavich, Nucl.967 Phys. B 726 (2005) 35, doi:10.1016/j.nuclphysb.2005.08.011,968 arXiv:hep-ph/0506214.969


@article{SPLITSUSY4,
    author = "P. Gambino, G. F. Giudice, and P. Slavich",
    collaboration = "CERN",
    title = "Gluino decays in split supersymmetry",
    archivePrefix = "arXiv",
    eprint = "hep-ph/0506214.969",
    primaryClass = "hep-ph",
    year = "2004",
    doi = "10.1016/j.nuclphysb.2005.08.011",
    journal = "Nucl. Phys. B",
    volume = "726",
    pages = "35",
}

\bibitem{REF5}  Mini-split, 2013
% A. Arvanitaki, N. Craig, S. Dimopoulos, and G. Villadoro, JHEP 02 (2013)970 126, doi:10.1007/JHEP02(2013)126, arXiv:1210.0555.971

@article{SPLITSUSY5,
    author = "A. Arvanitaki, N. Craig, S. Dimopoulos, and G. Villadoro",
    title = "Mini-split",
    archivePrefix = "arXiv",
    eprint = "1210.0555.971",
    year = "2013",
    doi = "10.1007/JHEP02(2013)126",
    journal = "JHEP",
    volume = "02",
    pages = "970",
}

\bibitem{REF6} N. Arkani-Hamed et al., “Simply unnatural supersymmetry”, (2012).972
arXiv:1212.6971.973

@article{SPLITSUSY6,
    author = "N. Arkani-Hamed et al.",
    title = "Simply unnatural supersymmetry",
    eprint = "1212.6971",
    archivePrefix = "arXiv",
    primaryClass = "hep-ph",
    year = "2012",
}


\bibitem{REF7}  Supergauge invariant extension of the Higgs mechanism and a model for the electron and its neutrino, 1975
% P. Fayet, Nucl. Phys. B 90 (1975) 104,975 doi:10.1016/0550-3213(75)90636-7.976


\bibitem{REF11}  Theories with gauge mediated supersymmetry breaking,  1999
% G. F. Giudice and R. Rattazzi, 984 Phys. Rept. 322 (1999) 419, doi:10.1016/S0370-1573(99)00042-3,985 arXiv:hep-ph/9801271.986

@article{GMSB1,
    author = "G. F. Giudice and R. Rattazzi",
    title = "Theories with gauge mediated supersymmetry breaking",
    archivePrefix = "arXiv",
    primaryClass = "hep-ph",
    eprint = "hep-ph/9801271.986",
    year = "1999",
    doi = "10.1016/S0370-1573(99)00042-3",
    journal = "Phys. Rept.",
    volume = "322",
    pages = "419",
}

\bibitem{REF12}  General gauge mediation,  2009
% P. Meade, N. Seiberg, and D. Shih, Prog. Theor. Phys. Suppl.987 177 (2009) 143, doi:10.1143/PTPS.177.143, arXiv:0801.3278.988

@article{GMSB2,
    author = "P. Meade, N. Seiberg, and D. Shih",
    title = "General gauge mediation",
    archivePrefix = "arXiv",
    eprint = "0801.3278.988",
    primaryClass = "hep-ph",
    year = "2009",
    doi = "10.1143/PTPS.177.143",
    journal = "Prog. Theor. Phys.",
    volume = "177",
    pages = "143",
}

\bibitem{REF13}  Exploring general gauge mediation, 2009
% M. Buican, P. Meade, N. Seiberg, and D. Shih, 989 JHEP 03 (2009) 016, doi:10.1088/1126-6708/2009/03/016, arXiv:0812.3668.990

@article{GMSB3,
    author = "M. Buican, P. Meade, N. Seiberg, and D. Shih",
    title = "Exploring general gauge mediation",
    archivePrefix = "arXiv",
    eprint = "0812.3668.990",
    primaryClass = "hep-ph",
    year = "2009",
    doi = "10.1088/1126-6708",
    journal = "JHEP",
    volume = "03",
    pages = "016",
}

\bibitem{REF14} Stealth supersymmetry, 2011
% J. Fan, M. Reece, and J. T. Ruderman,  JHEP 11 (2011) 012,991 doi:10.1007/JHEP11(2011)012, arXiv:1105.5135.992

@article{StealthSUSY1,
    author = "J. Fan, M. Reece, and J. T. Ruderman",
    title = "Stealth supersymmetry",
    archivePrefix = "arXiv",
    eprint = "1105.5135.992",
    primaryClass = "hep-ph",
    year = "2011",
    doi = "10.1007/JHEP11(2011)012",
    journal = "JHEP",
    volume = "11",
    pages = "012",
}

\bibitem{REF15}  A stealth supersymmetry sampler, 2012
% J. Fan, M. Reece, and J. T. Ruderman, JHEP 07993 (2012) 196, doi:10.1007/JHEP07(2012)196, arXiv:1201.4875.994

@article{StealthSUSY2,
    author = "J. Fan, M. Reece, and J. T. Ruderman",
    title = "A stealth supersymmetry sampler",
    archivePrefix = "arXiv",
    eprint = "1201.4875",
    primaryClass = "hep-ph",
    year = "2012",
    doi = "10.1007/JHEP07(2012)196",
    journal = "JHEP",
    volume = "11",
    pages = "196",
}

\bibitem{REF16}  Echoes of a hidden valley at hadron colliders, 2007
% M. J. Strassler and K. M. Zurek, Phys.995 Lett. B 651 (2007) 374, doi:10.1016/j.physletb.2007.06.055,996 arXiv:hep-ph/0604261.997

@article{HS1,
    author = "M. J. Strassler and K. M. Zurek",
    title = "Echoes of a hidden valley at hadron colliders",
    archivePrefix = "arXiv",
    eprint = "0604261.997",
    primaryClass = "hep-ph",
    year = "2007",
    doi = "10.1016/j.physletb.2007.06.055",
    journal = "Phys. Lett. B",
    volume = "651",
    pages = "374",
}

\bibitem{REF17}  Discovering the Higgs through highly-displaced vertices, 2008
% M. J. Strassler and K. M. Zurek, Phys. Lett. B 661 (2008) 263, doi:10.1016/j.physletb.2008.02.008,999 arXiv:hep-ph/0605193.1000

@article{HS2,
    author = "M. J. Strassler and K. M. Zurek",
    title = "Discovering the Higgs through highly-displaced vertices",
    archivePrefix = "arXiv",
    eprint = "0605193.1000",
    primaryClass = "hep-ph",
    year = "2008",
    doi = "10.1016/j.physletb.2008.02.008",
    journal = "Phys. Lett. B",
    volume = "661",
    pages = "263",
}

\bibitem{REF18} Phenomenology of hidden valleys at hadron colliders, 2008
% T. Han, Z. Si, K. M. Zurek, and M. J. Strassler,JHEP 07 (2008) 008, doi:10.1088/1126-6708/2008/07/008,1002 arXiv:0712.2041.1003

@article{HS3,
    author = "T. Han, Z. Si, K. M. Zurek, and M. J. Strassler",
    title = "Phenomenology of hidden valleys at hadron colliders",
    archivePrefix = "arXiv",
    eprint = "0712.2041.1003",
    year = "2008",
    doi = "10.1088/1126-6708/2008/07/008",
    journal = "JHEP",
    volume = "07",
    pages = "008",
}

\bibitem{REF19} A WIMPy baryogenesis miracle,  2012
% Y. Cui, L. Randall, and B. Shuve,  JHEP 04 (2012) 075,1004 doi:10.1007/JHEP04(2012)075, arXiv:1112.2704.1005 References 71

@article{WIMP1,
    author = "Y. Cui, L. Randall, and B. Shuve",
    title = "A WIMPy baryogenesis miracle",
    archivePrefix = "arXiv",
    eprint = "1112.2704.1005",
    year = "2012",
    doi = "10.1007/JHEP04(2012)075",
    journal = "JHEP",
    volume = "04",
    pages = "075",
}

\bibitem{REF20}  Baryogenesis for weakly interacting massive particles, 2013
% Y. Cui and R. Sundrum, Phys.1006 Rev. D 87 (2013) 116013, doi:10.1103/PhysRevD.87.116013, arXiv:1212.2973.1007

@article{WIMP2,
    author = "Y. Cui and R. Sundrum",
    title = "Baryogenesis for weakly interacting massive particles",
    archivePrefix = "arXiv",
    eprint = "1212.2973.1007",
    year = "2013",
    doi = "10.1103/PhysRevD.87.116013",
    journal = "Phys. Rev. D",

}

\bibitem{REF21} Probing baryogenesis with displaced vertices at the LHC, 2015 
% Y. Cui and B. Shuve, JHEP1008 02 (2015) 049, doi:10.1007/JHEP02(2015)049, arXiv:1409.6729.

@article{WIMP3,
    author = "Y. Cui and B. Shuve",
    title = "Probing baryogenesis with displaced vertices at the LHC",
    archivePrefix = "arXiv",
    eprint = "1409.6729",
    year = "2015",
    doi = "10.1007/JHEP02(2015)049",
    journal = "JHEP",
    volume = "02",
    pages = "049",

}

\bibitem{ATLAS1} Search for electroweak production of charginos and sleptons
decaying into final states with two leptons and missing transverse
momentum in $\sqrt{s}$ = 13 TeV pp collisions using the ATLAS detector, 2020

@article{ATLAS1,
    title = "Search for electroweak production of charginos and sleptons decaying into final states with two leptons and missing transverse momentum in $\sqrt{s}$ = 13 TeV pp collisions using the ATLAS detector",
    collaboration = "ATLAS",
    archivePrefix = "arXiv",
    primaryClass = "hep-ex",
    eprint = "1908.08215",
    year = "2020",
    doi = "10.1140/epjc/s10052-019-7594-6",
    reportNumber = "CERN-EP-2019-106",
    journal = "Eur. Phys. J. C",
    volume = "80",
    pages = "123",

}

\bibitem{ATLAS2} Search for direct production of charginos, neutralinos and sleptons in final states with two leptons and missing transverse momentum in pp collisions at $\sqrt{s}$ = 8 TeV with the ATLAS detector, 2014

@article{ATLAS2,
    title = "Search for direct production of charginos, neutralinos and sleptons in final states with two leptons and missing transverse momentum in pp collisions at $\sqrt{s}$ = 8 TeV with the ATLAS detector",
    collaboration = "ATLAS",
    archivePrefix = "arXiv",
    primaryClass = "hep-ex",
    eprint = "1403.5294",
    year = "2014",
    doi = "10.1007/JHEP05%282014%29071",
    reportNumber = "CERN-PH-EP-2014-037",
    journal = "JHEP",
    volume = "05",
    pages = "071",
}

\bibitem{ATLAS3} Search for electroweak production of supersymmetric particles in final states with two or three leptons at $\sqrt{s}$ = 13 TeV with the ATLAS detector, 2014

@article{ATLAS3,
    title = "Search for electroweak production of supersymmetric particles in final states with two or three leptons at $\sqrt{s}$ = 13 TeV with the ATLAS detector",
    collaboration = "ATLAS",
    archivePrefix = "arXiv",
    primaryClass = "hep-ex",
    eprint = "1803.02762",
    year = "2014",
    doi = "10.48550/arXiv.1803.02762",
    reportNumber = "CERN-EP-2017-303",
    journal = "Eur. Phys. J. C ",
    volume = "78",
    pages = "995",
}

\bibitem{CMS1} Searches for electroweak production of charginos, neutralinos, and sleptons decaying to leptons and W, Z, and Higgs bosons in pp collisions at 8 TeV, 2014

@article{CMS1,
    title = "Searches for electroweak production of charginos, neutralinos, and sleptons decaying to leptons and W, Z, and Higgs bosons in pp collisions at 8 TeV",
    collaboration = "CMS",
    year = "2014",
    doi = "/10.1140/epjc/s10052-014-3036-7",
    journal = "Eur. Phys. J. C ",
    volume = "74",
    pages = "3036",
}

\bibitem{ATLAS4} Search for direct slepton and gaugino production in final states with two leptons and missing transverse momentum with the ATLAS detector in pp collisions at $\sqrt{s}$ = 7TeV, 2013

@article{ATLAS4,
    title = "Search for direct slepton and gaugino production in final states with two leptons and missing transverse momentum with the ATLAS detector in pp collisions at $\sqrt{s}$ = 7TeV",
    collaboration = "ATLAS",
    archivePrefix = "arXiv",
    primaryClass = "hep-ex",
    eprint = "1208.2884",
    year = "2014",
    doi = "10.1016/j.physletb.2012.11.058",
    reportNumber = "CERN-PH-EP-2012-216",
    journal = "	Phys. Lett. B",
    volume = "718",
    pages = "879",
}

\bibitem{CMS2} Search for supersymmetric partners of electrons and muons in proton–proton collisions at $\sqrt{s}$ = 13 TeV, 2019

@article{CMS2,
    title = "Search for supersymmetric partners of electrons and muons in proton–proton collisions at $\sqrt{s}$ = 13 TeV",
    collaboration = "ATLAS",
    archivePrefix = "arXiv",
    primaryClass = "hep-ex",
    eprint = "1806.05264",
    year = "2019",
    doi = "10.1016/j.physletb.2019.01.005.",
    reportNumber = "CERN-EP-2018-132",
    journal = "Phys*. Lett. B",
    volume = "790",
    pages = "140",
}


\bibitem{ATLAS5} Search for electroweak production of supersymmetric states in scenarios with compressed mass spectra at $\sqrt{s}$ = 13 TeV with the ATLAS detector, 2018

@article{ATLAS5,
    title = "Search for electroweak production of supersymmetric states in scenarios with compressed mass spectra at $\sqrt{s}$ = 13 TeV with the ATLAS detector",
    collaboration = "ATLAS",
    archivePrefix = "arXiv",
    primaryClass = "hep-ex",
    eprint = "1712.08119",
    year = "2018",
    doi = "10.1103/PhysRevD.97.052010",
    reportNumber = "CERN-EP-2017-297",
    journal = "Phys. Rev. D",
    volume = "97",
    pages = "052010",
}

@article{Adam_2005,
   title={Reconstruction of electrons with the Gaussian-sum filter in the CMS tracker at the LHC},
   volume={31},
   ISSN={1361-6471},
   url={http://dx.doi.org/10.1088/0954-3899/31/9/N01},
   DOI={10.1088/0954-3899/31/9/n01},
   number={9},
   journal={Journal of Physics G: Nuclear and Particle Physics},
   publisher={IOP Publishing},
   author={Adam, W and Frühwirth, R and Strandlie, A and Todorov, T},
   year={2005},
   month=jul, pages={N9–N20} }

@article{Fuks_2014,
   title={Revisiting slepton pair production at the Large Hadron Collider},
   volume={2014},
   ISSN={1029-8479},
   url={http://dx.doi.org/10.1007/JHEP01(2014)168},
   DOI={10.1007/jhep01(2014)168},
   number={1},
   journal={Journal of High Energy Physics},
   publisher={Springer Science and Business Media LLC},
   author={Fuks, Benjamin and Klasen, Michael and Lamprea, David R. and Rothering, Marcel},
   year={2014},
   month=jan }


@article{Fiaschi_2018,
   title={Slepton pair production at the LHC in NLO+NLL with resummation-improved parton densities},
   volume={2018},
   ISSN={1029-8479},
   url={http://dx.doi.org/10.1007/JHEP03(2018)094},
   DOI={10.1007/jhep03(2018)094},
   number={3},
   journal={Journal of High Energy Physics},
   publisher={Springer Science and Business Media LLC},
   author={Fiaschi, Juri and Klasen, Michael},
   year={2018},
   month=mar }

@article{CMS-DP-2018-058,
      collaboration = "CMS",
      title         = "{Performance of the DeepJet b tagging algorithm using
                       41.9/fb of data from proton-proton collisions at 13TeV with
                       Phase 1 CMS detector}",
      year          = "2018",
      url           = "http://cds.cern.ch/record/2646773",
}

@misc{bierlich2022comprehensive,
      title={A comprehensive guide to the physics and usage of PYTHIA 8.3}, 
      author={Christian Bierlich and Smita Chakraborty and Nishita Desai and Leif Gellersen and Ilkka Helenius and Philip Ilten and Leif Lönnblad and Stephen Mrenna and Stefan Prestel and Christian T. Preuss and Torbjörn Sjöstrand and Peter Skands and Marius Utheim and Rob Verheyen},
      year={2022},
      eprint={2203.11601},
      archivePrefix={arXiv},
      primaryClass={hep-ph}
}

@article{Allanach_2009,
   title={SUSY Les Houches Accord 2},
   volume={180},
   ISSN={0010-4655},
   url={http://dx.doi.org/10.1016/j.cpc.2008.08.004},
   DOI={10.1016/j.cpc.2008.08.004},
   number={1},
   journal={Computer Physics Communications},
   publisher={Elsevier BV},
   author={Allanach, B.C. and Balázs, C. and Bélanger, G. and Bernhardt, M. and Boudjema, F. and Choudhury, D. and Desch, K. and Ellwanger, U. and Gambino, P. and Godbole, R. and Goto, T. and Guasch, J. and Guchait, M. and Hahn, T. and Heinemeyer, S. and Hugonie, C. and Hurth, T. and Kraml, S. and Kreiss, S. and Lykken, J. and Moortgat, F. and Moretti, S. and Peñaranda, S. and Plehn, T. and Porod, W. and Pukhov, A. and Richardson, P. and Schumacher, M. and Silvestrini, L. and Skands, P. and Slavich, P. and Spira, M. and Weiglein, G. and Wienemann, P.},
   year={2009},
   month=jan, pages={8–25} }

@article{Sirunyan_2018,
   title={Precision measurement of the structure of the CMS inner tracking system using nuclear interactions},
   volume={13},
   ISSN={1748-0221},
   url={http://dx.doi.org/10.1088/1748-0221/13/10/P10034},
   DOI={10.1088/1748-0221/13/10/p10034},
   number={10},
   journal={Journal of Instrumentation},
   publisher={IOP Publishing},
   author={CMS Collaboration},
   year={2018},
   month=oct, pages={P10034–P10034} }

@techreport{CMS:LUM-17-004, author = "{CMS Collaboration}", collaboration = "CMS", title = "{CMS} luminosity measurement for the 2017 data-taking period at $\sqrt{s}={13\TeV}$", type = "CMS Physics Analysis Summary", number = "CMS-PAS-LUM-17-004", year = "2018", url = "https://cds.cern.ch/record/2621960" }

@techreport{CMS:LUM-18-002, author = "{CMS Collaboration}", collaboration = "CMS", title = "{CMS} luminosity measurement for the 2018 data-taking period at $\sqrt{s}={13\TeV}$", type = "CMS Physics Analysis Summary", number = "CMS-PAS-LUM-18-002", year = "2019", url = "https://cds.cern.ch/record/2676164" }

@article{Sirunyan_2021,
   title={Precision luminosity measurement in proton–proton collisions at $$\sqrt{s} = 13\,\hbox {TeV}$$ in 2015 and 2016 at CMS},
   volume={81},
   ISSN={1434-6052},
   url={http://dx.doi.org/10.1140/epjc/s10052-021-09538-2},
   DOI={10.1140/epjc/s10052-021-09538-2},
   number={9},
   journal={The European Physical Journal C},
   publisher={Springer Science and Business Media LLC},
   author={CMS Collaboration},
   year={2021},
   month=sep }

@misc{hoecker2009tmvatoolkitmultivariate,
      title={TMVA - Toolkit for Multivariate Data Analysis}, 
      author={A. Hoecker and P. Speckmayer and J. Stelzer and J. Therhaag and E. von Toerne and H. Voss and M. Backes and T. Carli and O. Cohen and A. Christov and D. Dannheim and K. Danielowski and S. Henrot-Versille and M. Jachowski and K. Kraszewski and A. Krasznahorkay Jr. au2 and M. Kruk and Y. Mahalalel and R. Ospanov and X. Prudent and A. Robert and D. Schouten and F. Tegenfeldt and A. Voigt and K. Voss and M. Wolter and A. Zemla},
      year={2009},
      eprint={physics/0703039},
      archivePrefix={arXiv},
      primaryClass={physics.data-an},
      url={https://arxiv.org/abs/physics/0703039}, 
}

@online{LHCCTTbarNNLO,
    title     = "LHC Physics NNLO/NNLL ttbar cross section",
    url       = "https://twiki.cern.ch/twiki/bin/view/LHCPhysics/TtbarNNLO",
    year = "2024"
}

@online{LHCCSingleTopNNLO,
    title     = "LHC Physics NNLO single top cross section",
    url       = "https://twiki.cern.ch/twiki/bin/view/LHCPhysics/SingleTopNNLORef",
    year = "2024"
}

@online{TOP22007,
    title     = "AN2021-128 from TOP-22-007: Searches for Lorentz invariance violation with tt dilepton final state at 13 TeV",
    url       = "http://cms.cern.ch/iCMS/jsp/openfile.jsp?tp=draft&files=AN2021_128_v14.pdf",
    year = "2021"
}

@article{MiniIso1,
    author = "K. Rehermann and B. Tweedie",
    title = "Efficient Identification of Boosted Semileptonic Top Quarks at the LHC",
    year = "2014",
    doi = "10.1007/JHEP03%282011%29059",
    journal = "JHEP",
    volume = "09",
    pages = "015",
}

@article{MiniIso2,
    collaboration = "CMS",
    title = "Search for supersymmetry in pp collisions at roots = 13 TeV in the single-lepton final state using the sum of masses of large-radius jets",
    year = "2016",
    doi = "???",
    journal = "JHEP",
    volume = "08",
    pages = "122",
}

